<record><leader>00000cas a2200000 a 4500</leader><controlfield tag="001">11282603</controlfield><controlfield tag="008">841018c18739999iluwr ne      0   a0eng c</controlfield><datafield ind1=" " ind2=" " tag="010"><subfield code="a">sn 84038366 </subfield></datafield><datafield ind1=" " ind2=" " tag="040"><subfield code="a">NPX</subfield><subfield code="b">eng</subfield><subfield code="c">NPX</subfield><subfield code="d">NPU</subfield><subfield code="d">NPV</subfield><subfield code="d">NVF</subfield><subfield code="d">OCLCQ</subfield><subfield code="d">NVF</subfield><subfield code="d">OCLCF</subfield><subfield code="d">NVF</subfield><subfield code="d">OCLCO</subfield><subfield code="d">OCL</subfield></datafield><datafield ind1="1" ind2=" " tag="029"><subfield code="a">AU@</subfield><subfield code="b">000020375573</subfield></datafield><datafield ind1=" " ind2=" " tag="042"><subfield code="a">pcc</subfield></datafield><datafield ind1=" " ind2=" " tag="043"><subfield code="a">n-us-il</subfield></datafield><datafield ind1="0" ind2="4" tag="245"><subfield code="a">The Camp Point journal.</subfield></datafield><datafield ind1="1" ind2=" " tag="246"><subfield code="i">Published as:</subfield><subfield code="a">Clayton enterprise</subfield><subfield code="f">Nov. 5, 1985-Aug. 29, 2001</subfield></datafield><datafield ind1="1" ind2=" " tag="246"><subfield code="i">Published as:</subfield><subfield code="a">Golden new era</subfield><subfield code="f">Nov. 5, 1985-Oct. 10, 2001</subfield></datafield><datafield ind1="1" ind2=" " tag="246"><subfield code="i">Published as:</subfield><subfield code="a">Mendon dispatch-times</subfield><subfield code="f">Nov. 5, 1985-</subfield></datafield><datafield ind1="1" ind2=" " tag="246"><subfield code="i">Published as:</subfield><subfield code="a">Golden-Clayton new era</subfield><subfield code="f">Oct. 17, 2001-</subfield></datafield><datafield ind1="3" ind2=" " tag="246"><subfield code="a">Golden Clayton new era</subfield></datafield><datafield ind1="3" ind2=" " tag="246"><subfield code="a">Mendon dispatch times</subfield></datafield><datafield ind1=" " ind2=" " tag="260"><subfield code="a">Camp Point, Adams County, Ill. :</subfield><subfield code="b">Cyrus &amp; Bailey,</subfield><subfield code="c">1873-</subfield></datafield><datafield ind1=" " ind2=" " tag="300"><subfield code="a">v.</subfield></datafield><datafield ind1=" " ind2=" " tag="310"><subfield code="a">Weekly,</subfield><subfield code="b">Jan. 1, 1896-</subfield></datafield><datafield ind1=" " ind2=" " tag="321"><subfield code="a">Weekly,</subfield><subfield code="b">Feb. 6, 1873-Dec. 28, 1893</subfield></datafield><datafield ind1=" " ind2=" " tag="321"><subfield code="a">Semiweekly,</subfield><subfield code="b">Jan. 2, 1894-Dec. 27, 1895</subfield></datafield><datafield ind1="0" ind2=" " tag="362"><subfield code="a">Vol. 1, no. 1 (Feb. 6, 1873)-</subfield></datafield><datafield ind1=" " ind2=" " tag="500"><subfield code="a">Published in Clayton, Ill. area, Golden, Ill. area, and Mendon, Ill. area under various titles.</subfield></datafield><datafield ind1=" " ind2=" " tag="500"><subfield code="a">Issues for Feb. 6, 1873-&lt;July 2, 1931&gt; called also whole no. 1-&lt;whole no. 3148&gt;</subfield></datafield><datafield ind1=" " ind2="0" tag="651"><subfield code="a">Camp Point (Ill.)</subfield><subfield code="v">Newspapers.</subfield></datafield><datafield ind1=" " ind2="0" tag="651"><subfield code="a">Clayton (Ill.)</subfield><subfield code="v">Newspapers.</subfield></datafield><datafield ind1=" " ind2="0" tag="651"><subfield code="a">Golden (Ill.)</subfield><subfield code="v">Newspapers.</subfield></datafield><datafield ind1=" " ind2="0" tag="651"><subfield code="a">Mendon (Ill.)</subfield><subfield code="v">Newspapers.</subfield></datafield><datafield ind1=" " ind2="7" tag="655"><subfield code="a">Newspapers.</subfield><subfield code="2">fast</subfield><subfield code="0">(OCoLC)fst01423814</subfield></datafield><datafield ind1=" " ind2="7" tag="651"><subfield code="a">Illinois</subfield><subfield code="z">Camp Point.</subfield><subfield code="2">fast</subfield><subfield code="0">(OCoLC)fst01289914</subfield></datafield><datafield ind1=" " ind2="7" tag="651"><subfield code="a">Illinois</subfield><subfield code="z">Clayton.</subfield><subfield code="2">fast</subfield><subfield code="0">(OCoLC)fst01284101</subfield></datafield><datafield ind1=" " ind2="7" tag="651"><subfield code="a">Illinois</subfield><subfield code="z">Golden.</subfield><subfield code="2">fast</subfield><subfield code="0">(OCoLC)fst01287398</subfield></datafield><datafield ind1=" " ind2="7" tag="651"><subfield code="a">Illinois</subfield><subfield code="z">Mendon.</subfield><subfield code="2">fast</subfield><subfield code="0">(OCoLC)fst01295641</subfield></datafield><datafield ind1=" " ind2=" " tag="752"><subfield code="a">United States</subfield><subfield code="b">Illinois</subfield><subfield code="c">Adams</subfield><subfield code="d">Camp Point.</subfield></datafield></record>